% Please download the latest anthology.bib from
%
% http://aclweb.org/anthology/anthology.bib.gz

@inproceedings{Liu2010SentimentAA,
  title={Sentiment Analysis and Subjectivity},
  author={Bing Liu},
  booktitle={Handbook of Natural Language Processing},
  year={2010}
}